@misc{c1,
	author = {Chris K. Caldwell},
	title = {{Are all primes (past 2 and 3) of the forms 6n+1 and 6n-1?}},
	howpublished = "\url{https://primes.utm.edu/notes/faq/six.html}", 
	%note = "[odwiedzono 12-2018]"
}
